<?xml version="1.0" encoding="UTF-8"?>
<collection xmlns:xsi="http://www.w3.org/2001/XMLSchema-instance" xsi:schemaLocation="http://www.loc.gov/MARC21/slim http://www.loc.gov/standards/marcxml/schema/MARC21slim.xsd" xmlns="http://www.loc.gov/MARC21/slim">
<record>
  <leader>01401cam a2200337   4500</leader>
  <controlfield tag="001">2957838</controlfield>
  <controlfield tag="003">NNC</controlfield>
  <controlfield tag="005">20130426002546.0</controlfield>
  <controlfield tag="008">890514s1964    iq            000 0 araod</controlfield>
  <datafield tag="010" ind1=" " ind2=" ">
    <subfield code="a">ne 68000221 </subfield>
  </datafield>
  <datafield tag="035" ind1=" " ind2=" ">
    <subfield code="a">(OCoLC)ocm23499185</subfield>
  </datafield>
  <datafield tag="035" ind1=" " ind2=" ">
    <subfield code="9">ASK2934CU</subfield>
  </datafield>
  <datafield tag="035" ind1=" " ind2=" ">
    <subfield code="a">(NNC)2957838</subfield>
  </datafield>
  <datafield tag="040" ind1=" " ind2=" ">
    <subfield code="a">EYM</subfield>
    <subfield code="c">EYM</subfield>
    <subfield code="d">CGU</subfield>
    <subfield code="d">ZCU</subfield>
  </datafield>
  <datafield tag="050" ind1="0" ind2=" ">
    <subfield code="a">BP131.5</subfield>
    <subfield code="b">.D3 1930a (Orien Arab)</subfield>
  </datafield>
  <datafield tag="090" ind1=" " ind2=" ">
    <subfield code="a">BP131.5</subfield>
    <subfield code="b">.D3 1964</subfield>
  </datafield>
  <datafield tag="100" ind1="1" ind2=" ">
    <subfield code="a">Dānī, ʻUthmān ibn Saʻīd,</subfield>
    <subfield code="d">981 or 982-1053.</subfield>
  </datafield>
  <datafield tag="240" ind1="1" ind2="0">
    <subfield code="a">Taysīr fī al-qirāʻāt al-sabʻ</subfield>
  </datafield>
  <datafield tag="245" ind1="1" ind2="0">
    <subfield code="a">Kitāb al-taysīr fī al-qirāʾāt al-sabʻ / taʾlīf Abī ʻAmr ʻUthmān ibn Saʻīd al-Dānī ; ʻuniya bi-taṣḥīḥihi Ūtū Britzil.</subfield>
  </datafield>
  <datafield tag="246" ind1="1" ind2="5">
    <subfield code="a">Lehrbuch der sieben Koranlesungen</subfield>
  </datafield>
  <datafield tag="260" ind1=" " ind2=" ">
    <subfield code="a">[Baghdād :</subfield>
    <subfield code="b">Maktabat al-Muthanná, 1964?]</subfield>
  </datafield>
  <datafield tag="300" ind1=" " ind2=" ">
    <subfield code="a">12, 228 p.</subfield>
    <subfield code="c">25 cm.</subfield>
  </datafield>
  <datafield tag="490" ind1="1" ind2=" ">
    <subfield code="a">al-Nashrīyāt al-Islāmīyah li-Jamʻīyat al-Mustashriqīn al-Almānīyah ;</subfield>
    <subfield code="v">2</subfield>
  </datafield>
  <datafield tag="500" ind1=" " ind2=" ">
    <subfield code="a">Originally published: Istānbūl: Maṭbaʻat al-Dawlah, 1930.</subfield>
  </datafield>
  <datafield tag="500" ind1=" " ind2=" ">
    <subfield code="a">Added title page: Das Lehrbuch der sieben Koranlesungen, von Abū ʻAmr ʻUthmān ibn Saʻīd al-Dānī. Hrsg. von Otto Pretzl.</subfield>
  </datafield>
  <datafield tag="500" ind1=" " ind2=" ">
    <subfield code="a">Photoreproduction.</subfield>
  </datafield>
  <datafield tag="630" ind1="0" ind2="0">
    <subfield code="a">Qurʼan</subfield>
    <subfield code="x">Readings.</subfield>
  </datafield>
  <datafield tag="700" ind1="1" ind2=" ">
    <subfield code="a">Pretzl, O.</subfield>
    <subfield code="q">(Otto)</subfield>
  </datafield>
  <datafield tag="740" ind1="3" ind2="1">
    <subfield code="a">al-Taysīr fi al-qirāʾāt al-sabʻ.</subfield>
  </datafield>
  <datafield tag="830" ind1=" " ind2="0">
    <subfield code="a">Series: Bibliotheca Islamica ;</subfield>
    <subfield code="v">2.</subfield>
  </datafield>
  <datafield tag="955" ind1=" " ind2=" ">
    <subfield code="b">CU55319033</subfield>
    <subfield code="d">off,glx</subfield>
    <subfield code="e">BP131.5 .D3 1964</subfield>
  </datafield>
</record>
</collection>